@book{olap_solutions,
 author = {Thomsen,, Erik},
 title = "{Olap Solutions: Building Multidimensional Information Systems}",
 year = {2002},
 isbn = {0471400300},
 publisher = {John Wiley \& Sons, Inc.},
 address = {New York, NY, USA},
 }

@inproceedings{bigtable,
 author = {Chang,, Fay and Dean,, Jeffrey and Ghemawat,, Sanjay and Hsieh,, Wilson C. and Wallach,, Deborah A. and Burrows,, Mike and Chandra,, Tushar and Fikes,, Andrew and Gruber,, Robert E.},
 title = "{Bigtable: A Distributed Storage System For Structured Data}",
 booktitle = "{OSDI '06: Proceedings of the 7th USENIX Symposium on Operating Systems Design and Implementation}",
 year = {2006},
 pages = {15--15},
 location = {Seattle, WA},
 publisher = {USENIX Association},
 address = {Berkeley, CA, USA},
 }

@article{gfs,
 author = {Ghemawat,, Sanjay and Gobioff,, Howard and Leung,, Shun-Tak},
 title = "{The Google File System}",
 journal = {SIGOPS Oper. Syst. Rev.},
 volume = {37},
 number = {5},
 year = {2003},
 issn = {0163-5980},
 pages = {29--43},
 doi = {http://doi.acm.org/10.1145/1165389.945450},
 publisher = {ACM},
 address = {New York, NY, USA},
 }

@article{mapreduce,
 author = {Dean,, Jeffrey and Ghemawat,, Sanjay},
 title = "{MapReduce: Simplified Data Processing on Large Clusters}",
 journal = {Commun. ACM},
 volume = {51},
 number = {1},
 year = {2008},
 issn = {0001-0782},
 pages = {107--113},
 doi = {http://doi.acm.org/10.1145/1327452.1327492},
 publisher = {ACM},
 address = {New York, NY, USA},
 }

@inproceedings{hdw,
 author = {Jinguo You and Jianqing Xi and Chuan Zhang and Gengqi Guo},
 title = "{HDW: A High Performance Large Scale Data Warehouse}",
 booktitle = {International Multisymposiums on Computer and Computational Sciences, 2008 (IMSCCS '08)},
 year = {2008},
 pages = {200-202},
 location = {Shanghai, China},
 publisher = {},
 address = {},
 }

@article{thrift,
 author = {Mark Slee and Aditya Agarwel and Marc Kwiatkowski},
 title = {Thrift: Scalable Cross-Language Services Implementation},
 address = {Facebook, 156 University Ave, Palo Alto, CA},
 }

@inproceedings{discoveringweb,
 author = {Osmar R. Zaane and Man Xin and Jiawei Han},
 title = "{Discovering Web Access Patterns and Trends by Applying OLAP and Data Mining Technology on Web Logs}",
 booktitle = {Proceedings on Advances in Digital Libraries Conference (ADL'98)},
 year = {1998},
 pages = {pp.},
 }

@book{data_warehouse_etl_toolkit,
 author = {Kimball,, Ralph and Caserta,, Joe},
 title = "{The Data Warehouse ETL Toolkit: Practical Techniques for Extracting, Cleanin}",
 year = {2004},
 isbn = {0764567578},
 publisher = {John Wiley \& Sons},
 }

@book{definitive_guide_to_pylons,
 author = {Gardner,, James},
 title = "{The Definitive Guide to Pylons}",
 year = {2008},
 isbn = {1590599349, 9781590599341},
 publisher = {Apress},
 address = {Berkely, CA, USA},
 }

@misc{hadoop,
 title = "{Apache Hadoop}",
 note = {http://hadoop.apache.org/},
 }

@misc{hbase,
 title = "{Apache HBase}",
 note = {http://hadoop.apache.org/hbase/},
 }

@misc{dumbo,
 title = {Dumbo},
 note = {http://github.com/klbostee/dumbo},
 }

@misc{python,
 title = {Python},
 note = {http://python.org/},
 }

@misc{paste,
 title = "{Python Paste}",
 note = {http://pythonpaste.org/},
 }

@misc{pyyaml,
 title = "{PyYAML}",
 note = {http://pyyaml.org/},
 }

@misc{simplejson,
 title = {simplejson},
 note = {http://pypi.python.org/pypi/simplejson},
 }

@misc{setuptools,
 title = {Setuptools},
 note = {http://pypi.python.org/pypi/setuptools},
 }

% Not really a book but it looks more consistent.
@book{olap_data_scalability,
 author = {Potgieter,, Gardner},
 title = "{OLAP data Scalability}",
 year = {2002},
 }

@misc{omniture,
 title = {Omniture},
 note = {http://www.omniture.com/en/},
 }

@misc{disco,
 title = {Disco},
 note = {http://discoproject.org},
 }

@inproceedings{mapreducemerge,
 author = {Yang, Hung-chih and Dasdan, Ali and Hsiao, Ruey-Lung and Parker, D. Stott},
 title = {Map-Reduce-Merge: Simplified Relational Data Processing on Large Clusters},
 booktitle = {SIGMOD '07: Proceedings of the 2007 ACM SIGMOD international conference on Management of data},
 year = {2007},
 isbn = {978-1-59593-686-8},
 pages = {1029--1040},
 location = {Beijing, China},
 doi = {http://doi.acm.org/10.1145/1247480.1247602},
 publisher = {ACM},
 address = {New York, NY, USA},
 }

@inproceedings{piglatin,
 author = {Olston, Christopher and Reed, Benjamin and Srivastava, Utkarsh and Kumar, Ravi and Tomkins, Andrew},
 title = {Pig Latin: A Not-So-Foreign Language for Data Processing},
 booktitle = {SIGMOD '08: Proceedings of the 2008 ACM SIGMOD international conference on Management of data},
 year = {2008},
 isbn = {978-1-60558-102-6},
 pages = {1099--1110},
 location = {Vancouver, Canada},
 doi = {http://doi.acm.org/10.1145/1376616.1376726},
 publisher = {ACM},
 address = {New York, NY, USA},
 }
